% Encoding: UTF-8

@InCollection{tenscherTalkshowisierungAlsElement2002,
  author    = {Tenscher, Jens},
  booktitle = {Talk auf allen Kanälen. Angebote, Akteure und Nutzer von Fernseh"-ge"-sprächs"-send"-ung"-en},
  date      = {2002},
  title     = {Talkshowisierung als Element moderner Politikvermittlung},
  editor    = {Tenscher, Jens and Schicha, Christian},
  isbn      = {3-531-13709-3},
  location  = {{Wiesbaden}},
  pages     = {56--71},
  publisher = {{Westdeutscher Verlag}},
  file      = {/Users/cmh/Zotero/storage/C7KMUQBT/Tenscher_2002.pdf},
  langid    = {german},
}

@Book{hollyPolitischeFernsehdiskussionenZur1986,
  author     = {Holly, Werner and Kühn, Peter and Püschel, Ulrich},
  date       = {1986},
  title      = {Politische Fernsehdiskussionen. Zur medienspezifischen Inszenierung von Propaganda als Diskussion},
  isbn       = {978-3-484-34018-3},
  location   = {{Tübingen}},
  publisher  = {{Niemeyer}},
  file       = {/Users/cmh/Zotero/storage/QUKQN478/Holly_Kuehn_Pueschel_1986.pdf},
  langid     = {german},
  shorttitle = {Politische Fernsehdiskussionen},
}

@Book{rossumMeineSonntageMit2004,
  author     = {van Rossum, Walter},
  date       = {2004},
  title      = {Meine Sonntage mit ”Sabine Christiansen„. Wie das Palaver uns regiert},
  isbn       = {3-462-03394-8 978-3-462-03394-6},
  location   = {{Köln}},
  publisher  = {{Kiepenheuer und Witsch}},
  langid     = {german},
  shorttitle = {Meine Sonntage mit ”Sabine Christiansen„},
}

@Book{schochDudenDeutscheRechtschreibung2009,
  author     = {Schoch, Monika and Scholze-Stubenrecht, Werner and Wermke, Matthias},
  date       = {2009},
  title      = {Duden - die deutsche Rechtschreibung},
  edition    = {25},
  isbn       = {3-411-04015-7 978-3-411-04015-5},
  location   = {{Mannheim [u.a.]}},
  publisher  = {{Dudenverlag}},
  langid     = {german},
  shorttitle = {Duden - die deutsche Rechtschreibung},
}

@Book{amelnQualitaetPolitischerTalkshows2010,
  author    = {Ameln, Leonard},
  date      = {2010},
  title     = {Die Qualität politischer Talkshows - Eine vergleichende Analyse am Beispiel von „Sabine Christiansen” und „Anne Will”},
  isbn      = {978-3-640-75917-0},
  location  = {{München}},
  publisher = {{GRIN Verlag GmbH}},
  url       = {http://nbn-resolving.de/urn:nbn:de:101:1-201011291036},
  urldate   = {2012-03-02},
  langid    = {german},
}

@Book{kellerGeschichteTalkshowDeutschland2009,
  author    = {Keller, Harald},
  date      = {2009},
  title     = {Die Geschichte der Talkshow in Deutschland},
  isbn      = {978-3-596-18357-9 3-596-18357-X},
  location  = {{Frankfurt am Main}},
  publisher = {{Fischer Taschenbuch Verlag}},
  abstract  = {Kein Genre im Fernsehen ist so beliebt wie Talkshows. Doch was wir heute als Dauerreden am Nachmittag wahrnehmen, hat eine lange Geschichte. Harald Keller zeichnet sie nach: von den amerikanischen Vorbildern über die Gesprächssendungen im NS-Rundfunk, die Klassiker aus der Anfangszeit der Bundesrepublik bis hin zu den Shows von heute. Anhand umfangreicher Recherchen in viele Archiven ist ein unterhaltsames, faktenreiches Stück Kulturgeschichte entstanden und ein Einblick in die deutsche Fernsehmentalität.},
  file      = {/Users/cmh/Zotero/storage/EB5UN838/Keller_2009.pdf},
  langid    = {german},
}

@Article{keilBerlinerSalon2011,
  author          = {Keil, Christopher},
  date            = {2011-11-17},
  journaltitle    = {Süddeutsche Zeitung},
  title           = {Berliner Salon},
  journalsubtitle = {Medien},
  pages           = {17},
  abstract        = {Maybrit Illner moderiert zum 500. Mal ihre Talkshow im ZDF},
  entrysubtype    = {newspaper},
  file            = {/Users/cmh/Zotero/storage/U4QXVHZC/Keil_2011.pdf},
  keywords        = {MA Kap 3.4},
  langid          = {german},
  location        = {{München}},
}

@Book{koenningAllesBlossGeschwaetz2009,
  author     = {Könning, Tobias},
  date       = {2009},
  title      = {Alles bloß Geschwätz!? Diskurspotenziale der politischen Talkshow ''Hart aber fair''},
  isbn       = {978-3-639-12639-6},
  location   = {{Saarbrücken}},
  publisher  = {{VDM Verlag Dr. Müller}},
  url        = {http://nbn-resolving.de/urn:nbn:de:101:1-2010072912060},
  urldate    = {2012-02-27},
  langid     = {german},
  shorttitle = {Alles bloß Geschwätz!?},
}

@Online{ardHartAberFairo.J.a,
  author  = {{ARD}},
  title   = {Hart Aber Fair - {{Der Moderator}}},
  url     = {http://www.wdr.de/tv/hartaberfair/team/plasberg/index.php5},
  urldate = {2012-09-06},
  file    = {/Users/cmh/Zotero/storage/XXZ7SQ5N/index.html},
}

@Misc{wdr-rundfunkratStellungnahmeProgrammausschussesFuer2012,
  author   = {{WDR-Rundfunkrat}},
  date     = {2012-04-16},
  title    = {Stellungnahme des Programmausschusses für den WDR-Rundfunkrat zur Talkleiste am Abend im Ersten},
  url      = {http://www.wdr.de/unternehmen/gremien/rundfunkrat/pdf/Stellungnahme_WDR_RR_Talkleiste_DasErste_160412.pdf},
  urldate  = {2012-08-08},
  file     = {/Users/cmh/Zotero/storage/IUKEGTSS/WDR-Rundfunkrat_2012.pdf},
  keywords = {MA Kap 1,MA Kap 3.2-8},
  langid   = {german},
}

@Online{statistischesbundesamtBevoelkerungsstand2011,
  author  = {{Statistisches Bundesamt}},
  date    = {2011-12-31},
  title   = {Bevölkerungsstand},
  url     = {https://www.destatis.de/DE/ZahlenFakten/GesellschaftStaat/Bevoelkerung/Bevoelkerungsstand/Tabellen/GeschlechtStaatsangehoerigkeit.html},
  urldate = {2012-10-03},
  file    = {/Users/cmh/Zotero/storage/6NTAFB5Z/GeschlechtStaatsangehoerigkeit.html\;jsessionid=AFFC8A0221FF596AF1143B3AABA4F0F1.html},
  langid  = {german},
}

@Online{ard/zdf-medienkommissionARDZDFOnlinestudie2012,
  author  = {{ARD/ZDF-Medienkommission}},
  date    = {2012},
  title   = {ARD - ZDF Onlinestudie: Mediennutzung},
  url     = {http://www.ard-zdf-onlinestudie.de/index.php?id=353},
  urldate = {2012-12-11},
  file    = {/Users/cmh/Zotero/storage/XDSA54UG/index.html},
  langid  = {german},
}

@InCollection{luenenborgUnterhaltungAlsJournalismus2007,
  author    = {Lünenborg, Margreth},
  booktitle = {Journalismus und Unterhaltung. Theoretische Ansätze und empirische Befunde},
  date      = {2007},
  title     = {Unterhaltung als Journalismus - Journalismus als Unterhaltung, Theoretische Überlegungen zur Überwindung einer unangemessenen Dichotomie},
  editor    = {Scholl, Armin and Renger, Rudi and Blöbaum, Bernd},
  isbn      = {978-3-531-90724-6 3-531-90724-7 978-3-531-15291-2 3-531-15291-2},
  location  = {{Wiesbaden}},
  pages     = {67--85},
  publisher = {{VS Verlag für Sozialwissenschaften}},
  url       = {http://dx.doi.org/10.1007/978-3-531-90724-6},
  urldate   = {2012-09-13},
  langid    = {german},
}

@Article{tenscherSabineChristiansenUnd1999,
  author       = {Tenscher, Jens},
  date         = {1999},
  journaltitle = {Publizistik},
  title        = {»Sabine Christiansen« und »Talk im Turm«. Eine Fallanalyse politischer Fernsehtalkshows},
  number       = {3},
  pages        = {317--333},
  volume       = {44},
  file         = {/Users/cmh/Zotero/storage/MKW4Z7B3/Tenscher_1999.pdf},
  langid       = {german},
}

@Book{eisentrautPolitTalkAlsForm2007,
  author     = {Eisentraut, Steffen},
  date       = {2007},
  title      = {Polit-Talk als Form demokratischer Öffentlichkeit?. „Sabine Christiansen” und „Hart aber fair” im Vergleich},
  isbn       = {978-3-8288-9490-7 3-8288-9490-9},
  location   = {{Marburg}},
  publisher  = {{Tectum-Verlag}},
  file       = {/Users/cmh/Zotero/storage/U7IDHGZG/Eisentraut_2007.pdf},
  keywords   = {Hart aber fair,Sabine Christiansen},
  langid     = {german},
  shorttitle = {Polit-Talk als Form demokratischer Öffentlichkeit?},
}

@Article{mendeMedienuebergreifendeInformationsnutzungUnd2012,
  author       = {Mende, Annette and Oehmichen, Ekkehardt and Schröter, Christian},
  date         = {2012},
  journaltitle = {Media Perspektiven},
  title        = {Medien"-über"-greif"-ende Informationsnutzung und Informationsrepertoires. Fernsehen, Radio, Zeitung und Internet im Vergleich},
  number       = {1},
  pages        = {2--17},
  file         = {/Users/cmh/Zotero/storage/U7T2P22E/Mende_Oehmichen_Schroeter_2012.pdf},
  langid       = {german},
}

@Article{brauckMichDuerfteEs2011,
  author       = {Brauck, Markus and Schwennicke, Christoph},
  date         = {2011},
  journaltitle = {Der Spiegel},
  title        = {„Mich dürfte es gar nicht geben“},
  number       = {12},
  pages        = {160--162},
  abstract     = {Bundestagspräsident Norbert Lammert (CDU), 62, über die Inflation der Talkshows, die Quoten-Fixierung von ARD und ZDF und die Nachteile einer starken Präsenz von Politikern in den Sendergremien},
  file         = {/Users/cmh/Zotero/storage/CP27IUZT/Brauck_Schwennicke_2011.pdf},
  langid       = {german},
}

@Book{sturmNeueDeutscheRegierungssystem2005,
  author     = {Sturm, Roland and Pehle, Heinrich},
  date       = {2005},
  title      = {Das neue deutsche Regierungssystem. Die Europäisierung von Institutionen, Entscheidungsprozessen und Politikfeldern in der Bundesrepublik Deutschland},
  edition    = {2},
  isbn       = {3-8252-2244-6 978-3-8252-2244-4 3-531-14632-7 978-3-531-14632-4},
  location   = {{Wiesbaden}},
  publisher  = {{VS Verlag für Sozialwissenschaften}},
  langid     = {german},
  shorttitle = {Das neue deutsche Regierungssystem},
}

@Article{foltinZurEntwicklungTalkshow1990,
  author       = {Foltin, Hans-Friedrich},
  date         = {1990},
  journaltitle = {Media Perspektiven},
  title        = {Zur Entwicklung der Talkshow in den USA},
  number       = {8},
  pages        = {477--487},
  langid       = {german},
}

@Online{kluczniokLogZDFUnd2010,
  author       = {Kluczniok, Jan},
  date         = {2010-11-23},
  title        = {Log in: {{ZDF}} Und {{StudiVZ}} Starten {{TV}}-{{Online}}-{{Format}}},
  url          = {http://www.netzwelt.de/news/84823-log-zdf-studivz-starten-tv-online-format.html},
  urldate      = {2012-09-07},
  abstract     = {Die neue Sendung ZDF log in läuft heute erstmalig im Fernsehen und im Internet. In Kooperation mit den VZ-Netzwerken sollen Internetnutzer in der Sendung mit Stuttgarts Oberbürgermeister über das umstrittene Bahnprojekt Stuttgart 21 diskutieren.},
  file         = {/Users/cmh/Zotero/storage/J64TZAEE/84823-log-zdf-studivz-starten-tv-online-format.html},
  journaltitle = {netzwelt},
  keywords     = {home entertainment,Log in: ZDF und StudiVZ starten TV-Online-Format,Öffentlich rechtliches fernsehen,social network,video,ZDF},
  shorttitle   = {Log In},
}

@Book{reinemannMedienmacherAlsMediennutzer2003,
  author     = {Reinemann, Carsten},
  date       = {2003},
  title      = {Medienmacher als Mediennutzer. Kommunikations- und Einflussstrukturen im politischen Journalismus der Gegenwart},
  isbn       = {3-412-06203-0 978-3-412-06203-3},
  location   = {{Köln}},
  publisher  = {{Böhlau}},
  langid     = {german},
  shorttitle = {Medienmacher als Mediennutzer},
}

@Online{bundeszentralefuerpolitischebildungEuropawahlWahlbeteiligung197920092009,
  author   = {{Bundeszentrale für politische Bildung}},
  date     = {2009-04-07},
  title    = {Europawahl Wahlbeteiligung 1979-2009},
  url      = {http://www.bpb.de/nachschlagen/zahlen-und-fakten/europawahl/60473/wahlbeteiligung-1979-2009},
  urldate  = {2012-10-17},
  abstract = {Obwohl die Kompetenzen des Europäischen Parlaments stetig ausgeweitet wurden, sinkt die Wahlbeteiligung kontinuierlich. 2009 gaben weniger als die Hälfte aller Wahlberechtigten ihre Stimme ab.},
  file     = {/Users/cmh/Zotero/storage/9EWX7N84/wahlbeteiligung-1979-2009.html},
  langid   = {german},
}

@InCollection{nielandTalkshowisierungWahlkampfesAnalyse2002,
  author    = {Nieland, Jörg-Uwe and Tenscher, Jens},
  booktitle = {Mediendemokratie im Medienland. Inszenierungen und Themensetzungsstrategien im Spannungsfeld von Medien und Parteieliten am Beispiel der nordrhein-westfälischen Landtagswahl 2000},
  date      = {2002},
  title     = {Talkshowisierung des Wahlkampfes? Eine Analyse von Politikerauftritten im Fernsehen},
  editor    = {Sarcinelli, Ulrich and Schatz, Heribert},
  isbn      = {3-8100-3113-5 978-3-8100-3113-6},
  location  = {{Opladen}},
  pages     = {319--394},
  publisher = {{Leske + Budrich}},
  langid    = {german},
}

@InCollection{barloewenGrosseVorbildFernsehproduktion1975,
  author    = {von Barloewen, Constantin and Brandenberg, Hans},
  booktitle = {Talk Show},
  date      = {1975},
  title     = {Das große Vorbild? Fernsehproduktion im deutsch-amerikanischen Vergleich: Talk-Shows als Produkt eines Fernsehsystems},
  editor    = {von Barloewen, Constantin and Brandenberg, Hans},
  isbn      = {3-446-12103-X},
  location  = {{München / Wien}},
  pages     = {27--42},
  publisher = {{Carl Hanser Verlag}},
  langid    = {german},
}

@Article{o.a.SieversStattIllner2012,
  author          = {{o.A.}},
  date            = {2012-10-26},
  journaltitle    = {Süddeutsche Zeitung},
  title           = {Sievers statt Illner},
  journalsubtitle = {Medien},
  pages           = {31},
  entrysubtype    = {newspaper},
  langid          = {german},
  location        = {{München}},
}

@Online{ardNeuesBeckmannStudioo.J.,
  author       = {{ARD}},
  title        = {Neues „{{Beckmann}}”-{{Studio}}: Heller, Freundlicher Und Vor Allem Flexibel},
  url          = {http://www.daserste.de/unterhaltung/talk/beckmann/studio/index.html},
  urldate      = {2012-12-13},
  file         = {/Users/cmh/Zotero/storage/WTUEA82Z/index.html},
  journaltitle = {DasErste.de},
}

@Book{tenscherShowdownImFernsehen1998,
  author     = {Tenscher, Jens},
  date       = {1998},
  title      = {Showdown im Fernsehen. Eine Analyse des Diskussions- und Rollenverhaltens der Moderatoren in den deutschen Wahlkampfdebatten},
  isbn       = {3-931938-08-5 978-3-931938-08-6},
  location   = {{Stuttgart}},
  publisher  = {{Edition 451}},
  langid     = {german},
  shorttitle = {Showdown im Fernsehen},
}

@Book{dresingPraxisbuchTranskriptionRegelsysteme2011,
  author     = {Dresing, Thorsten and Pehl, Thorsten},
  date       = {2011},
  title      = {Praxisbuch Transkription. Regelsysteme, Software und praktische Anleitungen für qualitative ForscherInnen},
  edition    = {3},
  isbn       = {978-3-8185-0489-2 3-8185-0489-X},
  location   = {{Marburg}},
  file       = {/Users/cmh/Zotero/storage/G5TK9P9T/Dresing_Pehl_2011.pdf},
  langid     = {german},
  shorttitle = {Praxisbuch Transkription},
}

@Online{bergerKritikZinskritik2011,
  author       = {Berger, Jens},
  date         = {2011-08-23},
  title        = {Kritik an der Zinskritik},
  url          = {http://www.nachdenkseiten.de/?p=10530},
  urldate      = {2012-12-11},
  abstract     = {Die Folgen der Finanzkrise haben auch dazu geführt, dass Fundamentalkritik am Geldsystem immer populärer wird. Auch die NachDenkSeiten bekommen regelmäßig Mails von Lesern, die uns fragen, warum wir der Zinskritik auf unserer Plattform keinen Raum bieten. Die Antwort auf diese Frage ist denkbar einfach: Wir halten die Zinskritik für einen Irrweg, der nur von den eigentlichen Problemen ablenkt.},
  file         = {/Users/cmh/Zotero/storage/TKCFIAQD/www.nachdenkseiten.de.html},
  journaltitle = {NachDenkSeiten},
  keywords     = {Bertelsmann,Finanzkrise,Interessenverflechtungen,Kapitalmarkt,Konjunktur,Manipulation,Meinungsmache,Privatisierung,SPD,Wirtschaftspolitik},
  langid       = {german},
}

@Article{o.a.LebendigeWahlsendungen1953,
  author       = {{o.A.}},
  date         = {1953},
  journaltitle = {Fernsehen},
  title        = {Lebendige {{Wahlsendungen}}},
  number       = {6},
  pages        = {335},
}

@Misc{wdrGesetzUeberWestdeutschen2011,
  author  = {{WDR}},
  date    = {2011-07-05},
  title   = {Gesetz über den „Westdeutschen Rundfunk Köln” vom 23. März 1985, in der Fassung vom 5. Juli 2011},
  url     = {http://www.wdr.de/unternehmen/senderprofil/rechtsgrundlagen/pdf/WDR_20120327_WDR-Gesetz_mitTitel.pdf},
  urldate = {2012-08-31},
  file    = {/Users/cmh/Zotero/storage/A69VDNCF/WDR_2011.pdf},
  langid  = {german},
}

@InCollection{bosshartInformationUndOder2007,
  author    = {Bosshart, Louis},
  booktitle = {Journalismus und Unterhaltung. Theoretische Ansätze und empirische Befunde},
  date      = {2007},
  title     = {Information und/oder Unterhaltung?},
  editor    = {Scholl, Armin and Renger, Rudi and Blöbaum, Bernd},
  isbn      = {978-3-531-90724-6 3-531-90724-7 978-3-531-15291-2 3-531-15291-2},
  location  = {{Wiesbaden}},
  pages     = {17--29},
  publisher = {{VS Verlag für Sozialwissenschaften}},
  url       = {http://dx.doi.org/10.1007/978-3-531-90724-6},
  urldate   = {2012-09-13},
  langid    = {german},
}

@Book{dittmarTranskriptionLeitfadenMit2004,
  author     = {Dittmar, Norbert},
  date       = {2004},
  title      = {Transkription. Ein Leitfaden mit Aufgaben für Studenten, Forscher und Laien},
  isbn       = {3-8100-3902-0 978-3-8100-3902-6},
  location   = {{Wiesbaden}},
  publisher  = {{Verlag für Sozialwissenschaften}},
  langid     = {german},
  shorttitle = {Transkription},
}

@InCollection{gerhardsTalkshownutzungUndTalkshownutzer2002,
  author    = {Gerhards, Maria and Klingler, Walter},
  booktitle = {Talk auf allen Kanälen. Angebote, Akteure und Nutzer von Fern"-seh"-ge"-sprächs"-send"-ung"-en},
  date      = {2002},
  title     = {Talkshownutzung und Talkshownutzer. Ein Überblick},
  editor    = {Tenscher, Jens and Schicha, Christian},
  isbn      = {3-531-13709-3 978-3-531-13709-4},
  location  = {{Wiesbaden}},
  pages     = {301--322},
  publisher = {{Westdeutscher Verlag}},
  file      = {/Users/cmh/Zotero/storage/ZGTNJ8CG/Gerhards_Klingler_2002.pdf},
  langid    = {german},
}

@Book{timbergTelevisionTalkHistory2002,
  author     = {Timberg, Bernard},
  date       = {2002},
  title      = {Television {{Talk}}. {{A History}} of the {{TV Talk Show}}},
  isbn       = {0-292-78175-X 978-0-292-78175-7 0-292-78176-8 978-0-292-78176-4},
  location   = {{Austin}},
  publisher  = {{University of Texas Press}},
  langid     = {english},
  shorttitle = {Television Talk},
}

@Online{harbuschGeheimPapierARDKritisiert2012,
  author       = {Harbusch, Nikolaus},
  date         = {2012-06-11},
  title        = {Geheim-{{Papier}}: {{ARD}} Kritisiert Die Eigenen {{Talkshows}}},
  url          = {http://www.bild.de/unterhaltung/tv/ard/kritisiert-eigene-talkshows-24603696.bild.html},
  urldate      = {2012-08-08},
  abstract     = {Der Programmausschuss der ARD hat die Talkshows des Senders untersucht. Das bittere Ergebnis: Bei allen Sendungen beklagt der Ausschuss „Defizite“.},
  file         = {/Users/cmh/Zotero/storage/KWZ39JJZ/kritisiert-eigene-talkshows-24603696.bild.html},
  journaltitle = {BILD.de},
  keywords     = {Anne Will,ARD,Beckmann,Jauch Günther,MA Kap 1,MA Kap 4.3,Maischberger Sandra,Plasberg Frank,Talkshow,TV},
  shorttitle   = {Geheim-{{Papier}}},
}

@Book{postmanWirAmuesierenUns2003,
  author     = {Postman, Neil},
  date       = {2003},
  title      = {Wir amüsieren uns zu Tode. Urteilsbildung im Zeitalter der Unterhaltungsindustrie},
  edition    = {16},
  isbn       = {3-596-24285-1 978-3-596-24285-6},
  location   = {{Frankfurt am Main}},
  publisher  = {{Fischer Taschenbuch Verlag}},
  langid     = {german},
  shorttitle = {Wir amüsieren uns zu Tode},
}

@Article{kohlerImBlindflugDurch2009,
  author       = {Köhler, Wolfgang},
  date         = {2009},
  journaltitle = {message},
  title        = {Im {{Blindflug}} Durch Die {{Krise}}},
  number       = {1},
  pages        = {10--16},
  abstract     = {Der Finanz-Crash traf viele Journalisten unvorbereitet. Sie hatten die Entwicklungen am vermeintlich fernen US-Kreditmarkt ignoriert. Und delegieren die Deutungshoheit nun an die Politik.},
  keywords     = {MA Kap 6.1},
}

@Online{maybritillnerMaybritIllnerGesicht2007,
  author  = {{maybrit illner}},
  date    = {2007-03-08},
  title   = {Maybrit {{Illner}} - {{Das Gesicht}} Des {{Polit}}-{{Talks}} Im {{ZDF}}},
  url     = {http://maybritillner.zdf.de/ZDF/zdfportal/web/ZDF.de/maybrit-illner/2942124/6871326/881bab/Maybrit-Illner---Das-Gesicht-des-Polit-Talks-im-ZDF.html},
  urldate = {2012-09-05},
  file    = {/Users/cmh/Zotero/storage/XDDAZRJ4/Maybrit-Illner---Das-Gesicht-des-Polit-Talks-im-ZDF.html},
}

@Online{o.a.FaktencheckHartAber2012,
  author       = {{o.A.}},
  date         = {2012-06-19},
  title        = {Faktencheck Zu „{{Hart}} Aber Fair”: {{Die Griechenwahl}} – Statt {{Ende}} Mit {{Schrecken}} Jetzt {{Schecks}} Ohne {{Ende}}?},
  url          = {http://www1.wdr.de/themen/ratgeber/faktencheck230.html},
  urldate      = {2012-11-29},
  file         = {/Users/cmh/Zotero/storage/WTICGNDC/faktencheck230.html},
  journaltitle = {WDR.de},
}

@Online{doernerFuenfPolitischeTalkshows2012,
  author       = {Dörner, Andreas},
  date         = {2012-07-23},
  title        = {Fünf politische Talkshows in der ARD},
  url          = {http://theeuropean.de/andreas-doerner/11635-fuenf-politische-talkshows-in-der-ard},
  urldate      = {2012-07-31},
  abstract     = {Seit der Sommerpause steht endgültig fest: Fünf Polit-Talks in der ARD sind zu viele. Die Ressourcen der Öffentlich-Rechtlichen könnten sinnvoller verwendet werden – beispielsweise für Humor.},
  file         = {/Users/cmh/Zotero/storage/56ARSBAG/11635-fuenf-politische-talkshows-in-der-ard.html},
  journaltitle = {TheEuropean},
  keywords     = {Fünf politische Talkshows in der ARD,MA Kap 4.3},
  langid       = {german},
  type         = {Text},
}

@Book{brunstJeSpaeterAbend2005,
  author     = {Brunst, Klaudia},
  date       = {2005},
  title      = {Je später der Abend... Über Talkshows, Stars und uns},
  isbn       = {3-451-05584-8 978-3-451-05584-3},
  location   = {{Freiburg}},
  publisher  = {{Herder}},
  file       = {/Users/cmh/Zotero/storage/M3Z4AHTR/Brunst_2005.pdf},
  keywords   = {3 nach 9,B.trifft,Beckmann,Fliege,Gottschalk Late Night,Grüner Salon,Günter Gaus,Harald-Schmidt-Show,Je später der Abend,Johannes B. Kerner,NDR Talk Show,Schreinemakers live,Talk in Berlin},
  langid     = {german},
  shorttitle = {Je später der Abend},
}

@InCollection{barloewenGesellschaftlicheKontextTalk1975,
  author    = {Barloewen, Wolf D.},
  booktitle = {Talk Show},
  date      = {1975},
  title     = {Der gesellschaftliche Kontext der Talk Show},
  editor    = {von Barloewen, Constantin and Brandenberg, Hans},
  isbn      = {3-446-12103-X},
  location  = {{München / Wien}},
  pages     = {129--137},
  publisher = {{Carl Hanser Verlag}},
  langid    = {german},
}

@Article{brostMaybritIllnerWir2011,
  author          = {Brost, Marc and Schwarz, Patrik},
  date            = {2011-11-15},
  journaltitle    = {Die Zeit},
  title           = {Maybrit {{Illner}}: „{{Wir}} Werden Irrsinnig Gut Unterhalten”},
  journalsubtitle = {Zeitgeschehen},
  url             = {http://www.zeit.de/2011/46/Interview-Illner},
  urldate         = {2012-07-29},
  abstract        = {Euro-Krise, Atomkrise, Parteienkrise – Maybrit Illner muss jede Woche den Weltuntergang moderieren. Wie, bitte, geht das?},
  entrysubtype    = {newspaper},
  file            = {/Users/cmh/Zotero/storage/AS3NT6WA/komplettansicht.html},
  keywords        = {Anne Will,Claus Peymann,Erika Steinbach,FDP,Frank Plasberg,Günther Jauch,Jürgen Klinsmann,MA Kap 3.4,Reinhold Beckmann,Sandra Maischberger,SPD},
  shorttitle      = {Maybrit {{Illner}}},
}

@Article{schloemannUeberschussrechnung2012,
  author          = {Schloemann, Johan},
  date            = {2012-07-19},
  journaltitle    = {Süddeutsche Zeitung},
  title           = {Überschussrechnung},
  journalsubtitle = {Medien},
  pages           = {37},
  abstract        = {In der ARD geht die erste Spielzeit des größten Gesprächsreigens aller Zeiten zu Ende. Die Kritik an den fünf Talkshows ist manchmal berechtigt und manchmal selbstgerecht – doch die Sendungen haben die Balance zwischen Analyse und Meinung im deutschen Fernsehen durcheinandergebracht},
  edition         = {165},
  entrysubtype    = {newspaper},
  file            = {/Users/cmh/Zotero/storage/MTTPNC6E/Schloemann_2012.pdf},
  keywords        = {MA Kap 3.2-8,MA Kap 4.3},
  langid          = {german},
  location        = {{München}},
}

@Article{kruegerThementrendsTalkshows90er1998,
  author       = {Krüger, Udo Michael},
  date         = {1998},
  journaltitle = {Media Perspektiven},
  title        = {Thementrends in Talkshows der 90er Jahre},
  number       = {12},
  pages        = {608--624},
  langid       = {german},
}

@Book{kaufmannSchummelGriechenMachenUnseren2012,
  author    = {Kaufmann, Stephan},
  date      = {2012},
  title     = {«Schummel-Griechen machen unseren Euro kaputt». Beliebte Irrtümer in der Schuldenkrise},
  location  = {{Berlin}},
  number    = {2},
  publisher = {{Rosa-Luxemburg-Stiftung}},
  series    = {luxemburg argumente},
  url       = {http://www.rosalux.de/publication/38265/schummel-griechen-machen-unseren-euro-kaputt.html},
  urldate   = {2012-07-30},
  file      = {/Users/cmh/Zotero/storage/ZB6HPTKT/Kaufmann_2012.pdf},
  langid    = {german},
}

@Online{iutvProfilo.J.,
  author       = {{i\&u TV}},
  title        = {Profil},
  url          = {https://iutv.de/profil},
  urldate      = {2012-09-07},
  file         = {/Users/cmh/Zotero/storage/B3XJ7TAM/profil.html},
  journaltitle = {i\&u TV},
}

@InCollection{tolsonTalkingTalkAcademic2001,
  author    = {Tolson, Andrew},
  booktitle = {Television {{Talk Shows}}. {{Discourse}}, {{Performance}}, {{Spectacle}}},
  date      = {2001},
  title     = {Talking about {{Talk}}. {{The Academic Debates}}},
  editor    = {Tolson, Andrew},
  isbn      = {0-8058-3746-9 978-0-8058-3746-9},
  location  = {{Mahwah, N.J.}},
  pages     = {7--30},
  publisher = {{Lawrence Erlbaum}},
  langid    = {english},
}

@InCollection{bucherLogikPolitikLogik2007,
  author    = {Bucher, Hans-Jürgen},
  booktitle = {Sprachhandeln und Medienstrukturen in der politischen Kommunikation},
  date      = {2007},
  title     = {Logik der Politik - Logik der Medien. Zur interaktionalen Rhetorik der politischen Kommunikation in den TV-Duellen der Bundestagswahlkämpfe 2002 und 2005.},
  editor    = {Habscheid, Stephan and Klemm, Michael},
  isbn      = {978-3-484-31279-1 3-484-31279-3},
  location  = {{Tübingen}},
  pages     = {13--44},
  publisher = {{M. Niemeyer}},
  file      = {/Users/cmh/Zotero/storage/KKAXA92Z/Bucher_2007.pdf;/Users/cmh/Zotero/storage/MB6XVVGM/Bucher_2007.pdf},
  langid    = {german},
}

@Online{dielandeswahlleiterinZweitstimmenBeiWahlo.J.,
  author  = {{Die Landeswahlleiterin}},
  title   = {Zweitstimmen Bei Der {{Wahl}} Zum {{Abgeordnetenhaus}} von {{Berlin}} Am 18. {{September}} 2011},
  url     = {http://www.wahlen-berlin.de/wahlen/BE2011/Ergebnis/region/a2-GI9900.asp?sel1=1052&sel2=0655&tabtitel=Berlin},
  urldate = {2012-10-11},
  file    = {/Users/cmh/Zotero/storage/R86RFRCE/a2-GI9900.html},
}

@Book{bockPolitainmentImDeutschen2009,
  author     = {Bock, Corinna},
  date       = {2009},
  title      = {Politainment im deutschen Fernsehen. Alles nur inszeniert? Eine Inhaltsanalyse politischer Talkshows},
  isbn       = {978-3-639-17136-5 3-639-17136-5},
  location   = {{Saarbrücken}},
  publisher  = {{VDM Verlag Dr. Müller}},
  url        = {http://nbn-resolving.de/urn:nbn:de:101:1-201008066902},
  urldate    = {2012-06-21},
  file       = {/Users/cmh/Zotero/storage/EKIFJCEB/Bock_2009.pdf},
  keywords   = {Anne Will,Berlin Mitte,Hart aber fair},
  langid     = {german},
  shorttitle = {Politainment im deutschen Fernsehen Alles nur inszeniert?},
}

@Online{ardHartAberFairo.J.,
  author  = {{ARD}},
  title   = {Hart Aber Fair - {{Die Sendung}}},
  url     = {http://www.wdr.de/tv/hartaberfair/sendung/index.php5},
  urldate = {2012-09-06},
  file    = {/Users/cmh/Zotero/storage/EGAPPEI2/index.html},
}

@Article{stolleMeisenUndMystinguetten1990,
  author       = {Stolle, Peter},
  date         = {1990-02-26},
  journaltitle = {Der Spiegel},
  title        = {Meisen und Mystinguetten},
  number       = {9},
  pages        = {204--208},
  url          = {http://www.spiegel.de/spiegel/print/d-13507531.html},
  urldate      = {2012-08-30},
  entrysubtype = {magazine},
  file         = {/Users/cmh/Zotero/storage/BBIH7BKT/Stolle_1990.pdf},
  keywords     = {DER SPIEGEL},
  langid       = {german},
}

@Online{amendtSchwarzgelberKanalDeutsche2012,
  author       = {Amendt, Jürgen},
  date         = {2012-08-10},
  title        = {Schwarz-gelber Kanal. Deutsche Nachrichtensendungen benachteiligen die Oppositionsparteien},
  url          = {http://www.neues-deutschland.de/artikel/235123.schwarz-gelber-kanal.html},
  urldate      = {2012-11-25},
  abstract     = {In den Hauptnachrichten des deutschen Fernsehens bleibt der Bildschirm sprichwörtlich seit Jahren schwarz. Zu diesem Ergebnis kommt eine »nd«-Auswertung einer Studie des Instituts für empirische Medienforschung (IFEM) in Köln über die Parteienpräsenz in den wichtigsten Nachrichtensendungen von ARD, ZDF, RTL und Sat.1 zwischen 2005 und 2011. So stellten Union und FDP 2011 fast drei Viertel der Politikerauftritte.},
  file         = {/Users/cmh/Zotero/storage/IKGFJQNC/235123.schwarz-gelber-kanal.html},
  journaltitle = {neues-deutschland.de},
  langid       = {german},
}

@Article{wengelerNochNieZuvor2010,
  author       = {Wengeler, Martin},
  date         = {2010},
  journaltitle = {Aptum. Zeitschrift für Sprachkritik und Sprachkultur},
  title        = {„Noch nie zuvor”. Zur sprachlichen Konstruktion der Wirtschaftskrise 2008/2009 im SPIEGEL},
  number       = {02},
  pages        = {138--156},
  volume       = {6},
  langid       = {german},
}

@Book{bierlSchwundgeldFreiwirtschaftUnd2012,
  author     = {Bierl, Peter},
  date       = {2012},
  title      = {Schwundgeld, Freiwirtschaft und Rassenwahn. Kapitalismuskritik von rechts: Der Fall Silvio Gesell},
  isbn       = {978-3-930786-64-0 3-930786-64-8},
  location   = {{Hamburg}},
  number     = {57},
  publisher  = {{KVV konkret}},
  series     = {konkret Texte},
  langid     = {german},
  shorttitle = {Schwundgeld, Freiwirtschaft und Rassenwahn},
}

@Article{feussPopularisierungsdilemma2009,
  author       = {Feuß, Sebastian},
  date         = {2009},
  journaltitle = {message},
  title        = {Das {{Popularisierungsdilemma}}},
  number       = {1},
  pages        = {13},
  keywords     = {MA Kap 6.1},
}

@Book{lippmannOeffentlicheMeinung1990,
  author    = {Lippmann, Walter},
  date      = {1990},
  title     = {Die öffentliche Meinung},
  edition   = {Reprint},
  isbn      = {3-88339-786-5 978-3-88339-786-3},
  location  = {{Bochum}},
  publisher = {{Brockmeyer}},
  keywords  = {Nachrichtenwerte},
  langid    = {german},
}

@Article{o.a.WernerHoeferSchau1959,
  author       = {{o.A.}},
  date         = {1959-12-09},
  journaltitle = {Der Spiegel},
  title        = {Die Werner-Höfer-Schau},
  pages        = {47--59},
  url          = {http://www.spiegel.de/spiegel/print/d-42623494.html},
  urldate      = {2012-07-31},
  entrysubtype = {newspaper},
  file         = {/Users/cmh/Zotero/storage/TXKCFHGG/oA_1959.pdf},
  keywords     = {MA Kap 3.1,MA Kap 4.3},
  langid       = {german},
  location     = {{Hamburg}},
}

@InCollection{nixMeetPressGame1974,
  author    = {Nix, Mindy},
  booktitle = {The {{TV Establishment}}. {{Programming}} for {{Power}} and {{Profit}}},
  date      = {1974},
  title     = {The Meet the Press Game},
  editor    = {Tuchman, Gaye},
  isbn      = {0-13-902403-4 978-0-13-902403-0 0-13-902395-X 978-0-13-902395-8},
  location  = {{Englewood Cliffs, N.J.}},
  pages     = {66--71},
  publisher = {{Prentice Hall}},
  keywords  = {MA Kap 3.1,MA Kap 4.3},
  langid    = {english},
}

@InCollection{schichaInszenierungPolitischerDiskurse2002,
  author    = {Schicha, Christian},
  booktitle = {Talk auf allen Kanälen. Angebote, Akteure und Nutzer von Fernsehgesprächssendungen},
  date      = {2002},
  title     = {Die Inszenierung politischer Diskurse. Beobachtungen zu Politikerauftritten in Fernsehtalkshows},
  editor    = {Tenscher, Jens and Schicha, Christian},
  isbn      = {3-531-13709-3 978-3-531-13709-4},
  location  = {{Wiesbaden}},
  pages     = {214--231},
  publisher = {{Westdeutscher Verlag}},
  file      = {/Users/cmh/Zotero/storage/N2NDW3JA/Schicha_2002.pdf},
  langid    = {german},
}

@Online{deutscherbundestagDeutscherBundestagBeschluesseo.J.,
  author       = {{Deutscher Bundestag}},
  title        = {Deutscher Bundestag: Die Beschlüsse des Bundestages am 29. und 30. September},
  url          = {http://www.bundestag.de/dokumente/textarchiv/2011/35830868_kw39_angenommen_abgelehnt/index.html},
  urldate      = {2012-11-22},
  file         = {/Users/cmh/Zotero/storage/PCEPUSA8/index.html},
  journaltitle = {bundestag.de},
  langid       = {german},
}

@Collection{hundsnurscherDialoganalyseReferateArbeitstagung1986,
  date       = {1986},
  editor     = {Hundsnurscher, Franz and Weigand, Edda},
  title      = {Dialoganalyse. Referate der 1. Arbeitstagung, Münster 1986},
  isbn       = {3-484-30176-7 978-3-484-30176-4},
  location   = {{Tübingen}},
  publisher  = {{Max Niemeyer Verlag}},
  langid     = {german},
  shorttitle = {Dialoganalyse},
}

@Article{o.a.EindrucksvolleIntensitaet2012,
  author          = {{o.A.}},
  date            = {2012-06-19},
  journaltitle    = {Süddeutsche Zeitung},
  title           = {Eindrucksvolle Intensität},
  journalsubtitle = {Medien},
  pages           = {17},
  abstract        = {Programmchef Herres verteidigt die Talking Heads der ARD},
  entrysubtype    = {newspaper},
  file            = {/Users/cmh/Zotero/storage/4VMMIBHV/o.A. - 2012 - „Eindrucksvolle Intensität“.pdf},
  keywords        = {MA Kap 3.2-8,MA Kap 4.3},
  langid          = {german},
  location        = {{München}},
}

@Book{doernerPolitainmentPolitikMedialen2001,
  author     = {Dörner, Andreas},
  date       = {2001},
  title      = {Politainment. Politik in der medialen Erlebnisgesellschaft},
  isbn       = {3-518-12203-7 978-3-518-12203-7},
  location   = {{Frankfurt am Main}},
  publisher  = {{Suhrkamp}},
  langid     = {german},
  shorttitle = {Politainment},
}

@Misc{o.a.Rundfunkstaatsvertrag1991,
  author     = {{o.A.}},
  date       = {1991-08-31},
  title      = {Rundfunkstaatsvertrag},
  langid     = {german},
  shorttitle = {RStV},
}

@Article{keilIchBinNicht2011,
  author          = {Keil, Christopher and Illner, Maybrit},
  date            = {2011-03-12},
  journaltitle    = {Süddeutsche Zeitung},
  title           = {„Ich bin nicht der Restaurant-Tester der ARD”},
  journalsubtitle = {Medien},
  pages           = {23},
  entrysubtype    = {newspaper},
  file            = {/Users/cmh/Zotero/storage/GCVB4AB2/Keil_Illner_2011.pdf},
  keywords        = {MA Kap 3.4},
  langid          = {german},
  location        = {{München}},
}

@Online{barfussPolitikTalkshowsARD2012,
  author       = {Barfuss, Thore},
  date         = {2012-07-27},
  title        = {Politik-Talkshows in der ARD},
  url          = {http://theeuropean.de/thore-barfuss/11806-politik-talkshows-in-der-ard},
  urldate      = {2012-07-31},
  abstract     = {Weniger wäre mehr: Die vielen ARD-Talkshows verwässern die Qualität. Ein Plädoyer fürs Absetzen.},
  file         = {/Users/cmh/Zotero/storage/MTKXS5MQ/11806-politik-talkshows-in-der-ard.html},
  journaltitle = {TheEuropean},
  keywords     = {MA Kap 4.3,Politik-Talkshows in der ARD},
  langid       = {german},
  type         = {Text},
}

@Collection{zweitesdeutschesfernsehenZDFJahrbuch20112012,
  date     = {2012},
  editor   = {{Zweites Deutsches Fernsehen}},
  title    = {ZDF Jahrbuch 2011. Dokumentation},
  isbn     = {978-3-9812874-4-8},
  keywords = {MA Kap 3.4},
  langid   = {german},
}

@InCollection{timbergTaxonomyTelevisionTalk2002,
  author    = {Timberg, Bernard and Erler, Robert J.},
  booktitle = {Television {{Talk}}. {{A History}} of the {{TV Talk Show}}},
  date      = {2002},
  title     = {A {{Taxonomy}} of {{Television Talk}}},
  editor    = {Timberg, Bernard},
  isbn      = {0-292-78175-X 978-0-292-78175-7 0-292-78176-8 978-0-292-78176-4},
  location  = {{Austin}},
  pages     = {195--203},
  publisher = {{University of Texas Press}},
  langid    = {english},
}

@Article{hachmeisterARDNurKeine2011,
  author          = {Hachmeister, Lutz},
  date            = {2011-09-15},
  journaltitle    = {Die Zeit},
  title           = {{{ARD}}: {{Nur}} Keine {{Häme}} Gegen {{Talkshows}}!},
  journalsubtitle = {Film \& TV},
  url             = {http://www.zeit.de/2011/38/Kultur-Talkshows},
  urldate         = {2012-07-29},
  abstract        = {Und keine Kulturkritik: Der Fernsehtalk ist auf der Höhe seines Erfolgs. Er ist nicht mehr zu überbieten.},
  entrysubtype    = {newspaper},
  file            = {/Users/cmh/Zotero/storage/BXIM9NV9/komplettansicht.html},
  keywords        = {Anne Will,ARD,Günther Jauch,Jürgen Klinsmann,Jürgen Todenhöfer,Lutz Hachmeister,MA Kap 3.2-8,MA Kap 4.3,Mathias Döpfner,Peter Struck,Reinhold Beckmann,Sandra Maischberger},
  shorttitle      = {{{ARD}}},
}

@Article{eimerenTalkshowsFormateUnd1998,
  author       = {van Eimeren, Birgit and Gerhard, Heinz},
  date         = {1998},
  journaltitle = {Media Perspektiven},
  title        = {Talkshows - Formate und Zuschauerstrukturen},
  number       = {12},
  pages        = {600--607},
  langid       = {german},
}

@Online{ardBeckmannStudioo.J.,
  author  = {{ARD}},
  title   = {Beckmann - {{Das Studio}}},
  url     = {http://www.daserste.de/unterhaltung/talk/beckmann/studio/index.html},
  urldate = {2012-09-07},
  file    = {/Users/cmh/Zotero/storage/8C9SPXC5/index.html},
}

@Online{o.a.WolfChristianUlrich2011,
  author       = {{o.A.}},
  date         = {2011-11-02},
  title        = {Wolf-{{Christian Ulrich}}},
  url          = {http://www.theeuropean.de/wolf-christian-ulrich},
  urldate      = {2012-09-07},
  file         = {/Users/cmh/Zotero/storage/ZD7T3U5B/wolf-christian-ulrich.html},
  journaltitle = {The European},
}

@InCollection{hollyFernsehkommunikationUndAnschlusskommunikation2002,
  author    = {Holly, Werner},
  booktitle = {Talk auf allen Kanälen. Angebote, Akteure und Nutzer von Fernsehgesprächssendungen},
  date      = {2002},
  title     = {Fernsehkommunikation und Anschlusskommunikation. Fernsehbegleitendes Sprechen über Talkshows},
  editor    = {Tenscher, Jens and Schicha, Christian},
  isbn      = {3-531-13709-3 978-3-531-13709-4},
  location  = {{Wiesbaden}},
  pages     = {353--370},
  publisher = {{Westdeutscher Verlag}},
  file      = {/Users/cmh/Zotero/storage/5QKUCGVT/Holly_2002.pdf},
  langid    = {german},
}

@Article{brinkerThematischeMusterUnd1988,
  author       = {Brinker, Klaus},
  date         = {1988},
  journaltitle = {Zeitschrift für Germanistische Linguistik},
  title        = {Thematische {{Muster}} Und Ihre {{Realisierung}} in {{Talkshowsgesprächen}}},
  doi          = {10.1515/zfgl.1988.16.1.26},
  issn         = {0301-3294, 1613-0626},
  number       = {1},
  pages        = {26--45},
  volume       = {16},
}

@Online{ardBeckmannModeratoro.J.,
  author  = {{ARD}},
  title   = {Beckmann - {{Der Moderator}}},
  url     = {http://www.daserste.de/unterhaltung/talk/beckmann/moderator/index.html},
  urldate = {2012-09-07},
  file    = {/Users/cmh/Zotero/storage/HTVHG3UA/index.html},
}

@Online{zweitesdeutschesfernsehenZDFinfoErlauterung2012,
  author       = {{Zweites Deutsches Fernsehen}},
  date         = {2012},
  title        = {{{ZDFinfo Erläuterung}}},
  url          = {http://www.zdf-jahrbuch.de/2011/programmchronik/zdfinfo/index.php},
  urldate      = {2012-09-07},
  file         = {/Users/cmh/Zotero/storage/FRSTF9BV/index.html},
  journaltitle = {ZDF Jahrbuch 2011},
}

@Article{wickSchlussMitStreit2006,
  author          = {Wick, Klaudia},
  date            = {2006-07-15},
  journaltitle    = {Berliner Zeitung},
  title           = {Schluss mit dem Streit. Der Anfang vom Ende: Am Sonntag startet Sabine Christiansen in ihr letztes Talkjahr bei der ARD},
  journalsubtitle = {Medien},
  pages           = {33},
  entrysubtype    = {newspaper},
  file            = {/Users/cmh/Zotero/storage/7A8WC9EK/Wick_2006.pdf},
  keywords        = {MA Kap 3.1},
  langid          = {german},
  location        = {{Berlin}},
}

@Article{schultzModerationPolitischerGesprachsrunden2004,
  author       = {Schultz, Tanjev},
  date         = {2004},
  journaltitle = {Publizistik},
  title        = {Die {{Moderation}} Politischer {{Gesprächsrunden}} Im {{Fernsehen}}. {{Eine Inhaltsanalyse}} von »{{Sabine Christiansen}}«, »{{Berlin Mitte}}«, »{{Presseclub}}« Und »19:Zehn«},
  doi          = {10.1007/s11616-004-0073-5},
  issn         = {0033-4006, 1862-2569},
  number       = {3},
  pages        = {292--318},
  volume       = {49},
  file         = {/Users/cmh/Zotero/storage/T9JG98DZ/Schultz_2004.pdf;/Users/cmh/Zotero/storage/QFV7F3TU/hj838k6120765251.html},
}

@InCollection{hoeferTalkMenschlich1975,
  author    = {Höfer, Werner},
  booktitle = {Talk Show},
  date      = {1975},
  title     = {Talk menschlich},
  editor    = {von Barloewen, Constantin and Brandenberg, Hans},
  isbn      = {3-446-12103-X},
  location  = {{München / Wien}},
  pages     = {10--16},
  publisher = {{Carl Hanser Verlag}},
  langid    = {german},
}

@InCollection{schichaTalkAufAllen2002,
  author    = {Schicha, Christian and Tenscher, Jens},
  booktitle = {Talk auf allen Kanälen. Angebote, Akteure und Nutzer von Fernsehgesprächssendungen},
  date      = {2002},
  title     = {Talk auf allen Kanälen. Eine Einführung},
  editor    = {Tenscher, Jens and Schicha, Christian},
  isbn      = {3-531-13709-3 978-3-531-13709-4},
  location  = {{Wiesbaden}},
  pages     = {9--35},
  publisher = {{Westdeutscher Verlag}},
  file      = {/Users/cmh/Zotero/storage/EXGMWT8K/Schicha_Tenscher_2002.pdf},
  langid    = {german},
}

@Article{schechterJournalismusHatTeilen2009,
  author       = {Schechter, Danny},
  date         = {2009},
  journaltitle = {message},
  title        = {Der Journalismus hat in Teilen versagt},
  number       = {1},
  pages        = {18--23},
  abstract     = {Für die Finanzkrise bemühten Journalisten vielseitige Erklärungen. Die eigene Branche sparten sie aus. Unser US-Autor begibt sich auf eine weltweite Spurensuche nach der Verantwortung der Medien.},
  langid       = {german},
}

@InCollection{foltinTalkshowGeschichteSchillernden1994,
  author    = {Foltin, Hans-Friedrich},
  booktitle = {Unterhaltung, Werbung und Zielgruppenprogramme},
  date      = {1994},
  title     = {Die Talkshow. Geschichte eines schillernden Genres},
  editor    = {Erlinger, Hans-Dieter and Foltin, Hans-Friedrich},
  isbn      = {3-7705-2800-X 978-3-7705-2800-4 3-7705-2801-8 978-3-7705-2801-1 3-7705-2802-6 978-3-7705-2802-8 3-7705-2799-2 978-3-7705-2799-1 3-7705-2804-2 978-3-7705-2804-2},
  location  = {{München}},
  pages     = {69--112},
  publisher = {{W. Fink}},
  series    = {Geschichte des Fernsehens in der Bundesrepublik Deutschland},
  volume    = {4},
  volumes   = {5},
  file      = {/Users/cmh/Zotero/storage/BTDAU6SX/Foltin_1994.pdf},
  langid    = {german},
}

@Article{zubayrTendenzenImZuschauerverhalten2012,
  author       = {Zubayr, Camille and Gerhard, Heinz},
  date         = {2012},
  journaltitle = {Media Perspektiven},
  title        = {Tendenzen im Zuschauerverhalten. Fernsehgewohnheiten und Fernsehreichweiten im Jahr 2011},
  number       = {5},
  pages        = {118--132},
  file         = {/Users/cmh/Zotero/storage/TX96QXIT/Zubayr_Gerhard_2012.pdf},
  keywords     = {MA Kap 3.2-8},
  langid       = {german},
}

@Article{o.a.TalkGegenDokus2012,
  author          = {{o.A.}},
  date            = {2012-06-22},
  journaltitle    = {Süddeutsche Zeitung},
  title           = {Talk gegen Dokus?},
  journalsubtitle = {Medien},
  pages           = {19},
  entrysubtype    = {newspaper},
  file            = {/Users/cmh/Zotero/storage/SFHTUE54/o.A. - 2012 - Talk gegen Dokus.pdf},
  langid          = {german},
  location        = {{München}},
}

@Article{mahloZurDiskussionUm1956,
  author       = {Mahlo, Klaus},
  date         = {1956},
  journaltitle = {Rundfunk und Fernsehen},
  title        = {Zur {{Diskussion}} Um Die {{Diskussion}} Im {{Fernsehen}}},
  number       = {1},
  pages        = {99--112},
  volume       = {4},
}

@InCollection{bucherMedienrealitaetPolitischenZur2004,
  author    = {Bucher, Hans-Jürgen},
  booktitle = {Sprachen des Politischen. Medien und Medialität in der Geschichte},
  date      = {2004},
  title     = {Die Medienrealität des Politischen. Zur Inszenierung der Politik im Fernsehen},
  editor    = {Frevert, Ute and Braungart, Wolfgang},
  isbn      = {978-3-525-36274-7},
  location  = {{Göttingen}},
  pages     = {268--303},
  publisher = {{Vandenhoeck \& Ruprecht}},
  file      = {/Users/cmh/Zotero/storage/HXV7IT4T/Bucher_2004.pdf},
  langid    = {german},
}

@InCollection{bucherGrundlagenInteraktionalenRezeptionstheorie2012,
  author    = {Bucher, Hans-Jürgen},
  booktitle = {Interaktionale Rezeptionsforschung. Theorie und Methode der Blickaufzeichnung in der Medienforschung},
  date      = {2012},
  title     = {Grundlagen einer interaktionalen Rezeptionstheorie. Einführung und Forschungsüberblick},
  editor    = {Bucher, Hans-Jürgen and Schumacher, Peter},
  isbn      = {978-3-531-17718-2 3-531-17718-4 978-3-531-93166-1 3-531-93166-0},
  location  = {{Wiesbaden}},
  pages     = {17--50},
  publisher = {{VS Verlag für Sozialwissenschaften}},
  keywords  = {Mündliche Prüfung (MeWi)},
  langid    = {german},
}

@InCollection{richardsonSpecificDebateFormats2008,
  author    = {Richardson, Kay},
  booktitle = {Handbook of {{Communication}} in the {{Public Sphere}}},
  date      = {2008},
  title     = {Specific Debate Formats of Mass Media},
  editor    = {Wodak, Ruth and Koller, Veronika},
  isbn      = {978-3-11-018832-5 3-11-018832-5},
  location  = {{Berlin; New York}},
  publisher = {{Mouton de Gruyter}},
  file      = {/Users/cmh/Zotero/storage/7VTSSNCT/Richardson_2008.pdf},
  langid    = {english},
}

@Misc{muellerSchaubuehneFuerEinflussreichen2006,
  author    = {Müller, Ulrich and Klein, Heidi},
  date      = {2006-09-07},
  title     = {Schaubühne für die Einflussreichen und Meinungsmacher. Der neoliberal geprägte Reformdiskurs bei „Sabine Christiansen”},
  url       = {www.lobbycontrol.de/blog/download/Christiansen-Schaubuehne_komplett_7Sept2006.pdf},
  urldate   = {2012-03-02},
  abstract  = {Die Studie mit dem Titel „Schaubühne für die Einflussreichen und Meinungsmacher – Der neoliberal geprägte Reformdiskurs bei ‚Sabine Christiansen’“ liefert eine umfangreiche Analyse der Zusammensetzung der Gäste und Themen der Sendungen von Januar 2005 bis Juni 2006.},
  file      = {/Users/cmh/Zotero/storage/4BFCSQSC/Mueller_Klein_2006.pdf},
  langid    = {german},
  publisher = {{Lobbycontrol}},
}

@Online{kammholzLammertPolitikerSind2012,
  author       = {Kammholz, Karsten and Paulsen, Nina},
  date         = {2012-03-27},
  title        = {Lammert: „{{Politiker}} Sind Keine {{Entertainer}}”},
  url          = {http://www.abendblatt.de/politik/deutschland/article2229240/Lammert-Politiker-sind-keine-Entertainer.html},
  urldate      = {2012-11-08},
  abstract     = {Bundestagspräsident Norbert Lammert im Abendblatt-Interview über den Koalitionsstreit, Polit-Talkshows und die Aussichten der Piraten.},
  file         = {/Users/cmh/Zotero/storage/WWTG2RUZ/Lammert-Politiker-sind-keine-Entertainer.html},
  journaltitle = {Hamburger Abendblatt},
  shorttitle   = {Lammert},
}

@InCollection{faircloughPoliticalDiscourseMedia1998,
  author    = {Fairclough, Norman},
  booktitle = {Approaches to Media Discourse},
  date      = {1998},
  title     = {Political {{Discourse}} in the {{Media}}: {{An Analytical Framework}}},
  editor    = {Bell, Allan and Garrett, Peter},
  isbn      = {0-631-19887-3 978-0-631-19887-1 0-631-19888-1 978-0-631-19888-8},
  location  = {{Oxford}},
  pages     = {142--162},
  publisher = {{Blackwell}},
  langid    = {english},
}

@Online{hansRittAufEmpoerungswelle2012,
  author       = {Hans, Barbara},
  date         = {2012-05-20},
  title        = {Ritt auf der Empörungswelle},
  url          = {http://www.spiegel.de/wirtschaft/thilo-sarrazin-erntet-heftige-kritik-fuer-talkshow-auftritt-bei-jauch-a-834051.html},
  urldate      = {2012-08-15},
  abstract     = {Er ist wieder da, mit allem, was dazugehört: Buch, Talkshow-Auftritt, Empörung. Thilo Sarrazin verquickt dieses Mal Euro und Holocaust, und allein diese Stichworte reichen aus, um Protest zu provozieren. Noch ist sein Buch nicht im Handel, doch Sarrazin profitiert bereits von der kalkulierten Erregung.},
  file         = {/Users/cmh/Zotero/storage/J9M577HD/thilo-sarrazin-erntet-heftige-kritik-fuer-talkshow-auftritt-bei-jauch-a-834051.html},
  journaltitle = {Spiegel Online},
  langid       = {german},
}

@InCollection{gaeblerInterviewMitDr2011,
  author    = {Gäbler, Bernd},
  booktitle = {„... und unseren täglichen Talk gib uns heute!”. Inszenierungsstrategien, redaktionelle Dramaturgien und Rolle der TV-Polit-Talkshows},
  date      = {2011},
  title     = {Interview mit Dr. Nobert Lammert (CDU), Bundestagspräsident},
  location  = {{Frankfurt (am Main)}},
  number    = {68},
  pages     = {119--122},
  publisher = {{Otto Brenner Stiftung}},
  series    = {OBS-Arbeitsheft},
  url       = {http://www.otto-brenner-shop.de/publikationen/obs-arbeitshefte/shop/und-unseren-taeglichen-talk-gib-uns-heute-ah-68.html},
  urldate   = {2012-03-19},
  langid    = {german},
}

@Book{roesslerInhaltsanalyse2005,
  author    = {Rössler, Patrick},
  date      = {2005},
  title     = {Inhaltsanalyse},
  isbn      = {3-8252-2671-9 978-3-8252-2671-8},
  location  = {{Konstanz}},
  publisher = {{UKV Verlagsgesellschaft}},
  langid    = {german},
}

@InCollection{biereVerstehenUndBeschreiben1994,
  author    = {Biere, Bernd Ulrich},
  booktitle = {Handbuch der Dialoganalyse},
  date      = {1994},
  title     = {Verstehen und Beschreiben von Dialogen},
  editor    = {Fritz, Gerd and Hundsnurscher, Franz},
  isbn      = {3-484-73014-5 978-3-484-73014-4 3-484-73017-X 978-3-484-73017-5},
  location  = {{Tübingen}},
  pages     = {156--175},
  publisher = {{Niemeyer}},
  langid    = {german},
}

@Online{harnaschUeberfluessigeARDTalkshows2012,
  author       = {Harnasch, David},
  date         = {2012-07-24},
  title        = {Überflüssige ARD-Talkshows},
  url          = {http://theeuropean.de/harnasch-david/11765-ueberfluessige-ard-talkshows},
  urldate      = {2012-08-08},
  abstract     = {Es gibt unzählige Gründe, ein Gespräch zu führen, aber nur zwei, eines zu verfolgen: Erkenntnisgewinn und Unterhaltung. Beides liefern die ARD-Polittalks in unfreiwilliger Form.},
  file         = {/Users/cmh/Zotero/storage/GDRBG6SJ/11765-ueberfluessige-ard-talkshows.html},
  journaltitle = {TheEuropean},
  keywords     = {MA Kap 3.1,MA Kap 4.3,Überflüssige ARD-Talkshows},
  langid       = {german},
  type         = {Text},
}

@Online{roschMedienHabenNachholbedarf2008,
  author       = {Rosch, Julia},
  date         = {2008-01-28},
  title        = {Medien Haben '{{Nachholbedarf}} in {{Sachen Europa}}'},
  url          = {http://www.eurotopics.net/de/home/presseschau/archiv/magazin/kultur-verteilerseite-neu/europaeische-oeffentlichkeit/interview-herzog/},
  urldate      = {2012-11-28},
  abstract     = {Anja Herzog, ist Mitarbeiterin des Hans-Bredow-Instituts in Hamburg. Dort beschäftigt sie sich mit Fragen der europäischen Integration und der Medienentwicklung in Osteuropa. Mit euro|topics sprach sie über die Probleme der europäischen Öffentlichkeit und das Potenzial transnationaler Medien.},
  file         = {/Users/cmh/Zotero/storage/KPCD97T9/interview-herzog.html},
  journaltitle = {euro|topics},
  keywords     = {Alltagskultur,Medienpolitik},
}

@Book{rudzioPolitischeSystemBundesrepublik2006,
  author    = {Rudzio, Wolfgang},
  date      = {2006},
  title     = {Das politische System der Bundesrepublik Deutschland},
  edition   = {7},
  isbn      = {978-3-531-14790-1 3-531-14790-0},
  location  = {{Wiesbaden}},
  publisher = {{VS Verlag für Sozialwissenschaften}},
  langid    = {german},
}

@Article{schrottElefantenUnterSich1996,
  author       = {Schrott, Peter and Tenscher, Jens},
  date         = {1996},
  journaltitle = {Politische Vierteljahresschrift},
  title        = {Elefanten unter sich? Das Aufeinandertreffen von Moderatoren und Politikern in den deutschen Wahlkampfdebatten},
  number       = {3},
  pages        = {447--474},
  volume       = {37},
  abstract     = {Diese Studie hinterfragt die bisher politikerzentrierte deutsche Debattenforschung. Dazu wer­ den die verbalen Inhalte der Wahlkampfdebatten der Jahre 1 972 bis 1987 aus einem neuen Blickwinkel - im Mittelpunkt stehen die Moderatoren und deren Interaktion mit den politischen Diskutanten - analysiert. Die Ergebnisse verdeutlichen einerseits den - weitestgehend erfolg­reichen - Versuch der Moderatoren, ihrer Gastgeberfunktion nachzukommen. Andererseits veranschaulicht der Blick auf die Agenden der Debatten und eine erstmalig durchgeführte dynamische Gesprächsanalyse, daß die Moderatorerz. mit der zusätzlichen Funktion als fragende Journalisten überfordert waren . Die Politiker unterminierten in einem unerwartet hohem Maße den Versuch der Moderatoren, das Gespräch thematisch zu führen (gatehandling). Setzt man den normativ-demokratietheoretischen Maßstab an, nach dem Debatten in erster Linie Zu­schauer und Wähler mit neuen und mehr Erstehandinformationen versorgen sollen, so erfüllt nach den hier vorgestellten Ergebnissen das bisher in den fünf deutschen Fernsehdebatten angewandte Format nur bedingt seine Funktion.},
  file         = {/Users/cmh/Zotero/storage/BU25MEG4/Schrott_Tenscher_1996.pdf},
  langid       = {german},
  shortjournal = {PVS},
}

@Book{friedrichsJournalistischeInterview2009,
  author    = {Friedrichs, Jürgen and Schwinges, Ulrich},
  date      = {2009},
  title     = {Das journalistische Interview},
  edition   = {3},
  isbn      = {978-3-531-16701-5 3-531-16701-4},
  location  = {{Wiesbaden}},
  publisher = {{Verlag für Sozialwissenschaften}},
  langid    = {german},
}

@Book{gaeblerUndUnserenTaeglichen2011,
  author    = {Gäbler, Bernd},
  date      = {2011},
  title     = {„... und unseren täglichen Talk gib uns heute!”. Inszenierungsstrategien, redaktionelle Dramaturgien und Rolle der TV-Polit-Talkshows},
  location  = {{Frankfurt (am Main)}},
  number    = {68},
  publisher = {{Otto Brenner Stiftung}},
  series    = {OBS-Arbeitsheft},
  url       = {http://www.otto-brenner-shop.de/publikationen/obs-arbeitshefte/shop/und-unseren-taeglichen-talk-gib-uns-heute-ah-68.html},
  urldate   = {2012-03-19},
  file      = {/Users/cmh/Zotero/storage/K8CNRGQ5/Gaebler_2011.pdf},
  langid    = {german},
}

@InCollection{bommariusUebersaettigungsbeilageExpertenUnd2005,
  author    = {Bommarius, Christian},
  booktitle = {Demokratisch reden. Parlament, Medien und kritische Öffentlichkeit in Deutschland},
  date      = {2005},
  title     = {Die Übersättigungsbeilage - Experten und andere lustige Personen: Warum Außenseiter in Talk-Shows unentbehrlich sind},
  editor    = {Seibt, Gustav},
  isbn      = {3-89244-987-2 978-3-89244-987-4},
  location  = {{Göttingen}},
  number    = {2},
  pages     = {47--52},
  publisher = {{Wallstein}},
  series    = {Valerio},
  file      = {/Users/cmh/Zotero/storage/924GZWHC/Bommarius_2005.pdf},
  langid    = {german},
}

@Article{hieberTalkshowMarathonARDNach2011,
  author          = {Hieber, Jochen},
  date            = {2011-09-16},
  journaltitle    = {FAZ.NET},
  title           = {Talkshow-Marathon der ARD. Nach einer Woche wird uns matt vor Augen},
  issn            = {0174-4909},
  journalsubtitle = {Feuilleton},
  url             = {http://www.faz.net/aktuell/feuilleton/medien/2.1756/talkshow-marathon-der-ard-nach-einer-woche-wird-uns-matt-vor-augen-11228481.html},
  urldate         = {2012-03-12},
  abstract        = {16.09.2011 · Die ARD hat ein neues Spätabendprogramm. Das kennt nur ein Genre - die Talkshow. Und die Talkshows kennen nur eine Farbkombination, sie reicht von sanftem Rot bis zu dezentem Blau.},
  entrysubtype    = {newspaper},
  file            = {/Users/cmh/Zotero/storage/67TVNAVH/talkshow-marathon-der-ard-nach-einer-woche-wird-uns-matt-vor-augen-11228481.html},
  keywords        = {MA Kap 3.2-8,MA Kap 4.3},
  langid          = {Deutsch},
}

@Online{gierschCrashkursMisterDax2009,
  author       = {Giersch, Thorsten},
  date         = {2009-01-17},
  title        = {Der {{Crashkurs}} Des „{{Mister Dax}}“},
  url          = {http://www.handelsblatt.com/finanzen/boerse-maerkte/boerse-inside/buchrezension-der-crashkurs-des-mister-dax-seite-all/3090622-all.html},
  urldate      = {2012-12-16},
  abstract     = {Dirk Müller ist „Mister Dax”. Der Händler auf dem Parkett der Frankfurter Börse gibt Deutschlands Aktienwesen ein Gesicht. Nun hat Dirk Müller ein Buch geschrieben. Der Titel „Crashkurs” verrät, dass hier kein Optimismus gepredigt wird.},
  file         = {/Users/cmh/Zotero/storage/7XA4PGEB/3090622-all.html},
  journaltitle = {Handelsblatt},
}

@Article{mullerEuroKriseLugeSystemrelevanz2011,
  author          = {Müller, Albrecht},
  date            = {2011-11-23},
  journaltitle    = {FAZ.NET},
  title           = {Euro-Krise Die Lüge von der Systemrelevanz},
  issn            = {0174-4909},
  journalsubtitle = {Feuilleton},
  url             = {http://www.faz.net/aktuell/feuilleton/debatten/kapitalismus/euro-krise-die-luege-von-der-systemrelevanz-11537333.html},
  urldate         = {2012-12-15},
  abstract        = {Die Finanzwirtschaft hat die Politik im Griff – und warum? Weil jede Bank für „systemrelevant“ erklärt wird. System hat aber nur die Lüge, meint der Sozialdemokrat Albrecht Müller.},
  entrysubtype    = {newspaper},
  file            = {/Users/cmh/Zotero/storage/IT6FQJCE/euro-krise-die-luege-von-der-systemrelevanz-11537333.html},
  langid          = {Deutsch},
}

@Online{o.a.AnsagerUndSchnipselmann2005,
  author       = {{o.A.}},
  date         = {2005-09-07},
  title        = {„{{Ansager}} Und {{Schnipselmann}}” Gründen Eigene {{Firma}}},
  url          = {http://www.rp-online.de/region-duesseldorf/duesseldorf/nachrichten/ansager-und-schnipselmann-gruenden-eigene-firma-1.1108991},
  urldate      = {2012-09-06},
  abstract     = {Düsseldorf (dto). Der WDR-Moderator Frank Plasberg stellt sich mit einer Produktionsfirma auf eigene Füße. Plasberg ist im WDR-Fernsehen vor allem durch seine Polit-Talkshow Hart aber fair bekannt geworden. Die werde er jetzt in im Auftrag des WDR produzieren, teilte der Sender am Dienstag mit. Plasbergs Entscheidung sei im gegenseitigen Einvernehmen gefallen, sagte WDR-Sprecherin Gudrun Hindersin. Sitz von Plasbergs Firma soll Düsseldorf sein.},
  file         = {/Users/cmh/Zotero/storage/TJFWZ8X8/ansager-und-schnipselmann-gruenden-eigene-firma-1.html},
  journaltitle = {RP ONLINE},
  shorttitle   = {{{WDR}}-{{Moderator Frank Plasberg}}},
}

@Collection{michelPolitTalkshowsBuehnenMacht2009,
  date       = {2009},
  editor     = {Michel, Sascha and Girnth, Heiko},
  title      = {Polit-Talkshows - Bühnen der Macht. Ein Blick hinter die Kulissen},
  isbn       = {978-3-416-03280-3},
  location   = {{Bonn}},
  publisher  = {{Bouvier}},
  langid     = {german},
  shorttitle = {Polit-Talkshows - Bühnen der Macht},
}

@InCollection{heritageAnalyzingNewsInterviews1989,
  author    = {Heritage, John},
  booktitle = {Handbook of Discourse Analysis. Discourse and dialogue.},
  date      = {1989},
  title     = {Analyzing News Interviews: Aspects of the Production of Talk for an Overhearing Audience},
  isbn      = {0-12-712003-3 978-0-12-712003-4},
  location  = {{London}},
  pages     = {95--117},
  publisher = {{Academic Press}},
  volume    = {3},
  file      = {/Users/cmh/Zotero/storage/QTZEFSUH/Heritage_1985.pdf},
  langid    = {german},
}

@Online{o.a.RocheBohmermanno.J.,
  author       = {{o.A.}},
  title        = {Roche \& {{Böhmermann}}},
  url          = {https://www.facebook.com/RocheBoehmermann.Show/info},
  urldate      = {2012-09-05},
  file         = {/Users/cmh/Zotero/storage/BE3TEGHZ/info.html},
  journaltitle = {facebook},
}

@Online{ardSandraMaischbergero.J.,
  author       = {{ARD}},
  title        = {Sandra {{Maischberger}}},
  url          = {http://www.daserste.de/unterhaltung/talk/menschen-bei-maischberger/maischberger/index.html},
  urldate      = {2012-09-05},
  file         = {/Users/cmh/Zotero/storage/ACK2CF8D/index.html},
  journaltitle = {Menschen bei Maischberger},
}

@Online{niggemeierEndeDailyTalkAra2009,
  author       = {Niggemeier, Stefan},
  date         = {2009-08-31},
  title        = {Das {{Ende}} Der {{Daily}}-{{Talk}}-{{Ära}}},
  url          = {http://www.fernsehlexikon.de/6933/das-ende-der-daily-talk-aera/},
  urldate      = {2012-05-06},
  file         = {/Users/cmh/Zotero/storage/PF3BT5QT/das-ende-der-daily-talk-aera.html},
  journaltitle = {Fernsehlexikon},
  keywords     = {MA Kap 3.1},
}

@Online{weisTalkshowFlutImErsten2012,
  author       = {Weis, Manuel},
  date         = {2012-07-25},
  title        = {Talkshow-Flut im Ersten},
  url          = {http://theeuropean.de/manuel-weis/11741-talkshow-flut-im-ersten},
  urldate      = {2012-08-08},
  abstract     = {Die Debatte um zu viele Talkshows im Ersten ist übertrieben. Baumarkt-Themen sollten zu Maischberger, Beckmann ist der Schwächste im Quintett. Aber das wirkliche Problem sind die Schwerpunkte der Sendungen.},
  file         = {/Users/cmh/Zotero/storage/V45XJMF4/11741-talkshow-flut-im-ersten.html},
  journaltitle = {TheEuropean},
  keywords     = {MA Kap 3.2-8,Talkshow-Flut im Ersten},
  langid       = {german},
  type         = {Text},
}

@Article{gitschierStudentenAlsProduzenten2012,
  author       = {Gitschier, Laura},
  date         = {2012-12-10},
  journaltitle = {Spiegel Online},
  title        = {Studenten als Produzenten. Erfinder von „Roche \& Böhmermann”},
  url          = {http://www.spiegel.de/unispiegel/jobundberuf/studenten-als-produzenten-der-talkshow-roche-boehmermann-a-867420.html},
  urldate      = {2012-12-11},
  abstract     = {Die Studenten Philipp Käßbohrer und Matthias Schulz haben mit der Talkshow „Roche \& Böhmermann” mal eben eine der innovativsten Sendungen des Jahres gemacht. Dabei schauen die beiden Produzenten selbst kaum Fernsehen - und kennen oft nicht mal die Gäste.},
  entrysubtype = {newspaper},
  file         = {/Users/cmh/Zotero/storage/D6Q9FG7S/studenten-als-produzenten-der-talkshow-roche-boehmermann-a-867420.html},
  keywords     = {Deutscher Fernsehpreis},
  langid       = {german},
}

@Online{deutscherbundestagBundestagsarenaBesucherUndo.J.,
  author       = {{Deutscher Bundestag}},
  title        = {Bundestagsarena. {{Das Besucher}}- Und {{Informationszentrum}} Des {{Deutschen Bundestages}} Zur {{WM}} 2006},
  url          = {http://webarchiv.bundestag.de/cgi/show.php?fileToLoad=28&id=1031},
  urldate      = {2012-09-07},
  file         = {/Users/cmh/Zotero/storage/ZQZ9ABE3/show.html},
  journaltitle = {bundestag.de},
}

@Online{ardUberGuntherJaucho.J.,
  author  = {{ARD}},
  title   = {Über {{Günther Jauch}}},
  url     = {http://daserste.ndr.de/guentherjauch/guenther_jauch/index.html},
  urldate = {2012-09-07},
  file    = {/Users/cmh/Zotero/storage/WPAAXJWC/index.html},
}

@Collection{geeRoutledgeHandbookDiscourse2012,
  date      = {2012},
  editor    = {Gee, James Paul and Handford, Michael},
  title     = {The {{Routledge Handbook}} of {{Discourse Analysis}}},
  isbn      = {978-0-415-55107-6 0-415-55107-2 978-0-203-80906-8 0-203-80906-8},
  location  = {{London; New York}},
  publisher = {{Routledge}},
  abstract  = {The Routledge Handbook of Discourse Analysis covers the major approaches to Discourse Analysis from Critical Discourse Analysis to Multimodal Discourse Analysis and their applications in key educational and institutional settings. The handbook is divided into six sections: Approaches to Discourse Analysis, Approaches to Spoken Discourse, Genres and Practices, Educational Applications, Institutional Applications, and Identity, Culture and Discourse. The chapters are written by a wide range of contributors from around the world, each a leading researcher in their respective field. All chapters have been closely edited by James Paul Gee and Michael Handford. With a focus on the application of Discourse Analysis to real-life problems, the contributors introduce the reader to a topic, and analyse authentic data. The Routledge Handbook of Discourse Analysis is vital reading for linguistics students as well as students of communication and cultural studies, social psychology and anthropology.},
  langid    = {english},
}

@Book{hausmannGlobalGenderGap2012,
  author    = {Hausmann, Ricardo and Tyson, Laura D. and Zahidi, Saadia},
  date      = {2012},
  title     = {The {{Global Gender Gap Report}} 2012},
  isbn      = {92-95044-78-9},
  location  = {{Cologny / Geneva}},
  publisher = {{World Economic Forum}},
  url       = {http://www3.weforum.org/docs/WEF_GenderGap_Report_2012.pdf},
  urldate   = {2012-11-28},
  langid    = {english},
}

@InCollection{lippJournalistischeWahlkampfvermittlungAnalyse1983,
  author    = {Lipp, Michael},
  booktitle = {Massenmedien und Wahlen. Mass Media and Elections: International Research Perspectives},
  date      = {1983},
  title     = {Journalistische Wahlkampfvermittlung. Eine Analyse der politischen Diskussionssendungen im Fernsehen.},
  editor    = {Schulz, Winfried and Schönbach, Klaus},
  isbn      = {3-88295-058-7 978-3-88295-058-8},
  location  = {{München}},
  pages     = {238--259},
  publisher = {{Ölschläger}},
  langid    = {german},
}

@Article{thomaSelfFulfillingProphecyDilemma2009,
  author       = {Thomä, Manuel},
  date         = {2009},
  journaltitle = {message},
  title        = {Das {{Self}}-{{Fulfilling}}-{{Prophecy}}-{{Dilemma}}},
  number       = {1},
  pages        = {15},
  keywords     = {MA Kap 6.1},
}

@Online{prosiebenShowAbsoluteMehrheito.J.,
  author       = {{ProSieben}},
  title        = {Die Show - Absolute Mehrheit - Meinung muss sich wieder lohnen},
  url          = {http://www.prosieben.de/tv/absolute-mehrheit/show/},
  urldate      = {2012-11-08},
  file         = {/Users/cmh/Zotero/storage/TDDNMQET/show.html},
  journaltitle = {prosieben.de},
  langid       = {german},
}

@Collection{barloewenTalkShow1975,
  date      = {1975},
  editor    = {von Barloewen, Constantin and Brandenberg, Hans},
  title     = {Talk Show},
  isbn      = {3-446-12103-X},
  location  = {{München / Wien}},
  publisher = {{Carl Hanser Verlag}},
  file      = {/Users/cmh/Zotero/storage/C5F529P8/Barloewen_Brandenberg_1975.pdf},
  langid    = {german},
}

@Misc{ard-programmbeiratTalkformateImErsten2012,
  author   = {{ARD-Programmbeirat}},
  date     = {2012},
  title    = {Talkformate im Ersten. Stellungnahme des ARD-Programmbeirates},
  url      = {dl.fernsehkritik.tv/TalkformateARD.pdf},
  urldate  = {2012-08-08},
  file     = {/Users/cmh/Zotero/storage/AAWTEHX8/ARD-Programmbeirat_2012.pdf},
  keywords = {MA Kap 3.2-8,MA Kap 4.3,MA Kap 5},
  langid   = {german},
}

@Online{deutschewelleStationenKrise200920112012,
  author       = {{Deutsche Welle}},
  date         = {2012-04-20},
  title        = {Stationen Der {{Krise}} (2009-2011)},
  url          = {http://www.dw.de/stationen-der-krise-2009-2011/a-15468111},
  urldate      = {2012-12-15},
  file         = {/Users/cmh/Zotero/storage/SVUNTD9N/a-15468111.html},
  journaltitle = {dw.de},
}

@Article{o.a.MitVerwunderung2012,
  author          = {{o.A.}},
  date            = {2012-04-18},
  journaltitle    = {Süddeutsche Zeitung},
  title           = {Mit Verwunderung},
  journalsubtitle = {Medien},
  pages           = {17},
  abstract        = {ARD-Chefredakteur Baumann
verteidigt Talkshows im Ersten},
  entrysubtype    = {newspaper},
  file            = {/Users/cmh/Zotero/storage/TG842BRB/oA_2012b.pdf},
  keywords        = {MA Kap 3.2-8},
  langid          = {german},
  location        = {{München}},
}

@Book{schulzGesetzessammlungInformationKommunikation2012,
  author    = {Schulz, Wolfgang},
  date      = {2012-08},
  title     = {Gesetzessammlung: Information, Kommunikation, Medien.},
  edition   = {17},
  isbn      = {978-3-87296-120-4},
  location  = {{Hamburg}},
  number    = {16},
  publisher = {{Hans-Bredow-Institut für Medienforschung an der Universität Hamburg}},
  series    = {Arbeitspapiere des Hans-Bredow-Instituts},
  url       = {http://www.hans-bredow-institut.de/webfm_send/663},
  urldate   = {2012-07-31},
  file      = {/Users/cmh/Zotero/storage/HSWMCNI4/Schulz_2012.pdf},
  langid    = {german},
}

@Book{hoffmannPolitischeFernsehinterviewsEmpirische1982,
  author     = {Hoffmann, Rolf-Rüdiger},
  date       = {1982},
  title      = {Politische Fernsehinterviews. Eine empirische Analyse sprachlichen Handelns},
  isbn       = {3-484-34009-6 978-3-484-34009-1},
  location   = {{Tübingen}},
  publisher  = {{Niemeyer}},
  langid     = {german},
  shorttitle = {Politische Fernsehinterviews},
}

@Online{dielandeswahlleiterinEndgultigesErgebnisLandtagswahlo.J.,
  author  = {{Die Landeswahlleiterin}},
  title   = {Endgültiges {{Ergebnis Landtagswahl}} 2011 ({{Mecklenburg}}-{{Vorpommern}})},
  url     = {http://service.mvnet.de/cgi-bin/wahlen/2011_kom_land/wahl2011_anz.pl?L_WK99.htm},
  urldate = {2012-10-11},
  file    = {/Users/cmh/Zotero/storage/AHKMI728/wahl2011_anz.html},
}

@InCollection{bayerTalkShowInszenierte1975,
  author    = {Bayer, Klaus},
  booktitle = {Talk Show},
  date      = {1975},
  title     = {Talk Show - die inszenierte Spontaneität},
  editor    = {Brandenberg, Hans and von Barloewen, Constantin},
  isbn      = {3-446-12103-X},
  location  = {{München / Wien}},
  pages     = {138--164},
  publisher = {{Carl Hanser Verlag}},
  langid    = {german},
}

@InCollection{burgerDiskussionOhnRitual1989,
  author    = {Burger, Harald},
  booktitle = {Redeshows. Fernsehdiskussionen in der Diskussion},
  date      = {1989},
  title     = {Diskussion ohn Ritual oder: Der domestizierte Rezipient},
  editor    = {Holly, Werner and Kühn, Peter and Püschel, Ulrich},
  isbn      = {3-484-34026-6 978-3-484-34026-8},
  location  = {{Tübingen}},
  pages     = {116--141},
  publisher = {{M. Niemeyer}},
  file      = {/Users/cmh/Zotero/storage/D8EAQFGE/Burger_1989.pdf},
  langid    = {german},
}

@InCollection{roseTalkShow1985,
  author    = {Rose, Brian G.},
  booktitle = {{{TV Genres}}. {{A Handbook}} and {{Reference Guide}}},
  date      = {1985},
  title     = {The {{Talk Show}}},
  editor    = {Rose, Brian G. and Alley, Robert S.},
  isbn      = {0-313-23724-7 978-0-313-23724-9},
  location  = {{London}},
  pages     = {329--352},
  publisher = {{Greenwood Press}},
  langid    = {english},
}

@Online{dielandeswahlleiterinEndgultigesAmtlichesEndergebniso.J.,
  author  = {{Die Landeswahlleiterin}},
  title   = {Endgültiges Amtliches {{Endergebnis}} Der {{Landtagswahl}} 2012 ({{Saarland}})},
  url     = {http://www.statistikextern.saarland.de/wahlen/wahlen/2012/internet_saar/LT_SL_12/landesergebnisse/},
  urldate = {2012-10-11},
  file    = {/Users/cmh/Zotero/storage/NRFBBT7X/landesergebnisse.html},
}

@Book{plakeTalkshowsIndustrialisierungKommunikation1999,
  author     = {Plake, Klaus},
  date       = {1999},
  title      = {Talkshows. Die Industrialisierung der Kommunikation},
  isbn       = {3-89678-218-5 978-3-89678-218-2},
  location   = {{Darmstadt}},
  publisher  = {{Primus}},
  file       = {/Users/cmh/Zotero/storage/M4MMD6AH/Plake_1999.pdf},
  langid     = {german},
  shorttitle = {Talkshows},
}

@Book{schmidtQualitaetPolitischerTalkshows2007,
  author     = {Schmidt, Christian},
  date       = {2007},
  title      = {Die Qualität politischer Talkshows. Unterhaltung versus Information},
  isbn       = {978-3-8364-0494-5},
  location   = {{Saarbrücken}},
  publisher  = {{VDM Verlag Dr. Müller}},
  abstract   = {In einer zunehmend globalisierten Gesellschaft sind die Menschen verstärkt auf die Informationsvermittlung durch Massenmedien angewiesen, um am politischen Diskurs teilnehmen zu können. Die Auflösung der einstigen Dichotomie von Information und Unterhaltung führte in den letzten Jahren dazu, dass sich Politainment als neues Konzept zur unterhaltsamen Informationsvermittlung im Fernsehen herausbildete. Die wissenschaftliche Qualitätsdebatte hat sich auf diese neue Programmform noch nicht eingestellt. Ein Qualitätskonzept, welches sowohl Aspekte der Informationsvermittlung als auch der Unterhaltung berücksichtigt, fehlt bis heute. Durch die vorliegende Arbeit wird versucht, diese Lücke in Bezug auf politische Talkshows ansatzweise zu schließen. Nach einem Überblick über das Politainmentkonzept und das Genre der politischen Talkshows stellt der Autor Christian Schmidt ein Qualitätskonzept für derartige Sendungen vor, das in einer ersten Untersuchung getestet wird. Die Arbeit versteht sich als Fundament für weitere Forschungsvorhaben und richtet sich daher primär an Medien-, Kommunikations- und Politikwissenschaftler. Aber auch TV-Produzenten und politisch interessierten Bürgern ist eine Lektüre des Buchs zu empfehlen.},
  langid     = {german},
  shorttitle = {Die Qualität politischer Talkshows},
}

@Article{langguthLegendeKanzlerberaterin2012,
  author       = {Langguth, Gerd},
  date         = {2012-08-25},
  journaltitle = {Spiegel Online},
  title        = {Die Legende von der Kanzlerberaterin},
  url          = {http://www.spiegel.de/politik/deutschland/gertrud-hoehler-zweifel-an-ihrer-taetigkeit-als-kohls-kanzlerberaterin-a-851820.html},
  urldate      = {2012-10-27},
  abstract     = {Kanzlerberater - ein Titel mit Klang. Auch Merkel-Kritikerin Gertrud Höhler wird in den Medien gerne als Ex-Beraterin von Helmut Kohl vorgestellt. Aber was macht eigentlich ein Kanzlerberater? Und hat sie diesen Titel verdient?},
  entrysubtype = {newspaper},
  file         = {/Users/cmh/Zotero/storage/5PRHF79J/gertrud-hoehler-zweifel-an-ihrer-taetigkeit-als-kohls-kanzlerberaterin-a-851820.html},
  keywords     = {Helmut Kohl},
  langid       = {german},
}

@Collection{hundsnurscherDialoganalyseIIReferate1989,
  date       = {1989},
  editor     = {Hundsnurscher, Franz and Weigand, Edda},
  title      = {Dialoganalyse II. Referate der 2. Arbeitstagung, Bochum 1988},
  isbn       = {3-484-30229-1 978-3-484-30229-7 3-484-30230-5 978-3-484-30230-3},
  location   = {{Tübingen}},
  publisher  = {{Niemeyer}},
  langid     = {german},
  shorttitle = {Dialoganalyse II},
}

@InCollection{roettgerInterviewstileUndNeue1996,
  author    = {Röttger, Ulrich and Weßler, Hartmut},
  booktitle = {Medien und politischer Prozeß. Politische Öffentlichkeit und massenmediale Politikvermittlung im Wandel},
  date      = {1996},
  title     = {Interviewstile und das neue Politikbild im Fernsehen. Situative Interaktionsbeziehungen in Politikerinterviews am Beispiel ZAK},
  editor    = {Jarren, Otfried and Schatz, Heribert and Weßler, Hartmut},
  location  = {{Opladen}},
  pages     = {251--269},
  publisher = {{Westdeutscher Verlag}},
  langid    = {german},
}

@InCollection{nonhoffHegemonieanalyseTheorieMethode2010,
  author    = {Nonhoff, Martin},
  booktitle = {Handbuch sozialwissenschaftliche Diskursanalyse Bd. 2. Forschungspraxis},
  date      = {2010},
  title     = {Hegemonieanalyse: Theorie, Methode und Forschungspraxis},
  edition   = {4},
  editor    = {Keller, Reiner and Hirseland, Andreas and Schneider, Werner and Viehöver, Willy},
  isbn      = {978-3-531-16651-3 3-531-16651-4},
  location  = {{Wiesbaden}},
  pages     = {299--331},
  publisher = {{VS Verlag für Sozialwissenschaften}},
  file      = {/Users/cmh/Zotero/storage/97TAH45I/Nonhoff_2010.pdf},
  langid    = {german},
}

@Online{gehringerBoulevardBioNur2001,
  author       = {Gehringer, Thomas},
  date         = {2001-06-11},
  title        = {„Boulevard Bio”: Nur das Bett ist sein Feind},
  url          = {http://www.tagesspiegel.de/medien/boulevard-bio-nur-das-bett-ist-sein-feind/233436.html},
  urldate      = {2012-09-05},
  file         = {/Users/cmh/Zotero/storage/RCFZJZDH/233436.html},
  journaltitle = {Der Tagesspiegel},
  langid       = {german},
}

@Article{schatzQualitaetFernsehprogrammenKriterien1992,
  author       = {Schatz, Heribert and Schulz, Winfried},
  date         = {1992},
  journaltitle = {Media Perspektiven},
  title        = {Qualität von Fernsehprogrammen. Kriterien und Methoden zur Beurteilung von Programmqualität im dualen Fernsehsystem},
  number       = {11},
  pages        = {690--712},
  langid       = {german},
}

@Book{hostFuhrungskrafteMonitor20122012,
  author    = {Host, Elke and Busch, Anne and Kröger, Lea},
  date      = {2012},
  title     = {Führungskräfte - {{Monitor}} 2012. {{Update}} 2001 - 2010},
  isbn      = {978-3-938762-56-1},
  location  = {{Berlin}},
  number    = {65},
  publisher = {{Deutsches Institut für Wirtschaftsforschung}},
  series    = {Politikberatung Kompakt},
  url       = {http://www.diw.de/documents/publikationen/73/diw_01.c.407592.de/diwkompakt_2012-065.pdf},
  urldate   = {2012-10-22},
  file      = {/Users/cmh/Zotero/storage/A942WVEB/Holst_Busch_Kroeger_2012.pdf},
}

@Online{ardAnneWillPersoenlicho.J.,
  author  = {{ARD}},
  title   = {Anne Will - Persönlich},
  url     = {http://daserste.ndr.de/annewill/annewill/index.html},
  urldate = {2012-09-05},
  file    = {/Users/cmh/Zotero/storage/RBHTWET8/index.html},
  langid  = {german},
}

@Article{krauseLocalTalkGlobal1995,
  author       = {Krause, Andrea J. and Goering, Elizabeth M.},
  date         = {1995},
  journaltitle = {The Journal of Popular Culture},
  title        = {Local {{Talk}} in the {{Global Village}}. {{An Intercultural Comparison}} of {{American}} and {{German Talk Shows}}},
  doi          = {10.1111/j.0022-3840.1995.2902_189.x},
  issn         = {0022-0384, 1540-5931},
  number       = {2},
  pages        = {189--207},
  volume       = {29},
  file         = {/Users/cmh/Zotero/storage/9FICESXR/Krause_Goering_1995.pdf},
  langid       = {english},
  shorttitle   = {Local {{Talk}} in the {{Global Village}}},
}

@Online{dielandeswahlleiterinEndgultigesErgebnisFuro.J.,
  author  = {{Die Landeswahlleiterin}},
  title   = {Endgültiges {{Ergebnis}} Für {{Nordrhein}}-{{Westfalen}} 2012},
  url     = {http://www.wahlergebnisse.nrw.de/landtagswahlen/2012/aktuell/dateien/a000lw1200.html},
  urldate = {2012-10-11},
  file    = {/Users/cmh/Zotero/storage/JTFRZ33Z/a000lw1200.html},
}

@Online{siniawskiSchuldenbergeHilfspaketeUnd2012,
  author   = {Siniawski, Adalbert},
  date     = {2012-12-06},
  title    = {Schuldenberge Hilfspakete und Reformstau. Ein Symposium an der Hamburg Media School zur EU-Berichterstattung in Zeiten der Krise},
  url      = {http://www.dradio.de/dlf/sendungen/studiozeit-ks/1942936/},
  urldate  = {2012-12-15},
  abstract = {Die Eurokrise beherrscht seit Monaten die Schlagzeilen. Ob die Medien durch ihre Berichterstattung nationalistische Tendenzen und Vorurteile verstärken oder eher ein vielstimmiges europäisches Meinungskonzert erzeugen, das war Thema einer Tagung der Hamburg Media School.},
  file     = {/Users/cmh/Zotero/storage/S73FTS9A/1942936.html},
  langid   = {german},
}

@InCollection{schultzJournalistenTalkPolitischeKommunikation2002,
  author    = {Schultz, Tanjev},
  booktitle = {Talk auf allen Kanälen. Angebote, Akteure und Nutzer von Fernseh"-gesprächs"-send"-ung"-en},
  date      = {2002},
  title     = {Journalisten-Talk. Politische Kommunikation als Punditocracy?},
  editor    = {Tenscher, Jens and Schicha, Christian},
  isbn      = {3-531-13709-3 978-3-531-13709-4},
  location  = {{Wiesbaden}},
  pages     = {233--249},
  publisher = {{Westdeutscher Verlag}},
  file      = {/Users/cmh/Zotero/storage/JPHMIJ57/Schultz_2002.pdf},
  langid    = {german},
}

@Book{luhmannRealitaetMassenmedien2017,
  author    = {Luhmann, Niklas},
  date      = {2017},
  title     = {Die Realität der Massenmedien},
  edition   = {5},
  isbn      = {978-3-531-16666-7 3-531-16666-2},
  location  = {{Wiesbaden}},
  publisher = {{Springer VS}},
  file      = {/Users/cmh/Zotero/storage/GLJAB3YG/Luhmann_2017.pdf},
  langid    = {german},
}

@InCollection{kalverkaemperKommentierteBibliographieZur1980,
  author    = {Kalverkämper, Hartwig},
  booktitle = {Fernsehforschung - Fernsehkritik},
  date      = {1980},
  title     = {Kommentierte Bibliographie zur Fernsehgattung 'Talk Show'},
  editor    = {Kreuzer, Helmut},
  isbn      = {3-525-21012-4 978-3-525-21012-3},
  location  = {{Göttingen}},
  pages     = {99--135},
  publisher = {{Vandenhoeck und Ruprecht}},
  langid    = {german},
}

@Collection{statiDialoganalyseIIIReferate1991,
  date       = {1991},
  editor     = {Stati, Sorin and Hundsnurscher, Franz and Weigand, Edda},
  title      = {Dialoganalyse III. Referate der 3. Arbeitstagung, Bologna 1990},
  isbn       = {3-484-75001-4 978-3-484-75001-2 3-484-75002-2 978-3-484-75002-9},
  location   = {{Tübingen}},
  publisher  = {{Niemeyer}},
  langid     = {german},
  shorttitle = {Dialoganalyse III},
}

@Online{brucknerStudiogastSorgtFuer2012,
  author       = {Bruckner, Johanna},
  date         = {2012-05-07},
  title        = {Studiogast sorgt für Eklat bei Günter Jauch - Szenen wie beim Castor-Protest},
  url          = {http://www.sueddeutsche.de/medien/studiogast-sorgt-fuer-eklat-bei-guenter-jauch-szenen-wie-beim-castor-protest-1.1350411},
  urldate      = {2012-08-15},
  file         = {/Users/cmh/Zotero/storage/IZI49XTX/studiogast-sorgt-fuer-eklat-bei-guenter-jauch-szenen-wie-beim-castor-protest-1.html},
  journaltitle = {sueddeutsche.de},
  keywords     = {Günther Jauch},
  langid       = {german},
}

@Online{zdfRichtlinenFuerSendungen2009,
  author       = {{ZDF}},
  date         = {2009-12-11},
  title        = {Richtlinen für die Sendungen und Telemedienangebote des „ZWEITEN DEUTSCHEN FERNSEHENS” vom 11. Juli 1963 in der Fassung vom 11. Dezember 2009},
  url          = {http://www.unternehmen.zdf.de/uploads/media/Richtlinien_fuer_Sendungen_und_Telemedien_des_ZDF_-_Beschlussfassung_11_12_09.pdf},
  urldate      = {2012-09-14},
  file         = {/Users/cmh/Zotero/storage/P6R92HRB/ZDF_2009a.pdf},
  journaltitle = {zdf.de},
  langid       = {german},
}

@Article{sasseGertrudHoehlerDemontiert2012,
  author       = {Sasse, Sabine},
  date         = {2012-10-19},
  journaltitle = {Der Tagesspiegel Online},
  title        = {Gertrud Höhler demontiert sich bei „Markus Lanz”},
  issn         = {1865-2263},
  url          = {http://www.tagesspiegel.de/medien/wen-beraet-die-beraterin-gertrud-hoehler-demontiert-sich-bei-markus-lanz-/7276498.html},
  urldate      = {2012-10-27},
  abstract     = {Für ihr Buch „Die Patin” über Angela Merkel ist Gertrud Höhler bereits heftig kritisiert worden. Nun muss sie auch um ihren Ruf als Politikberaterin fürchten - zumindest konnte sie bei „Markus Lanz” nicht erklären, wen sie eigentlich jemals beraten hat.},
  entrysubtype = {newspaper},
  file         = {/Users/cmh/Zotero/storage/CNU47ENJ/7276498.html},
  langid       = {german},
}

@Online{derbundeswahlleiterStrukturdatenWahlkreis1352009,
  author       = {{Der Bundeswahlleiter}},
  date         = {2009},
  title        = {Strukturdaten: Wahlkreis 135 - Minden-Lübbecke I},
  url          = {http://www.bundeswahlleiter.de/de/bundestagswahlen/BTW_BUND_09/strukturdaten/wahlkreise/l05/wk_135.html},
  urldate      = {2012-12-06},
  file         = {/Users/cmh/Zotero/storage/AWZUZMXR/wk_135.html},
  journaltitle = {bundeswahlleiter.de},
  langid       = {german},
}

@InCollection{barloewenGespraechMitGaesten1975,
  author    = {von Barloewen, Constantin and Brandenberg, Hans},
  booktitle = {Talk Show},
  date      = {1975},
  title     = {Das Gespräch mit den Gästen. Abgrenzungen. Die Entwicklung der Talk Show in Deutschland},
  editor    = {von Barloewen, Constantin and Brandenberg, Hans},
  isbn      = {3-446-12103-X},
  location  = {{München / Wien}},
  pages     = {17--26},
  publisher = {{Carl Hanser Verlag}},
  langid    = {german},
}

@Comment{jabref-meta: databaseType:biblatex;}
